<collection xmlns="http://www.loc.gov/MARC21/slim">
   <record>
      <leader>02002nam a2200421 a 4500</leader>
      <controlfield tag="001">6752402</controlfield>
      <controlfield tag="003">OCoLC</controlfield>
      <controlfield tag="005">20141121124642.0</controlfield>
      <controlfield tag="006">m     o  d        </controlfield>
      <controlfield tag="007">cr unu</controlfield>
      <controlfield tag="008">141121s2015    caua    o     000 0 eng d</controlfield>
      <datafield ind1=" " ind2=" " tag="020">
         <subfield code="z">9781491944936</subfield>
      </datafield>
      <datafield ind1=" " ind2=" " tag="035">
         <subfield code="a">ocn896723243</subfield>
      </datafield>
      <datafield ind1=" " ind2=" " tag="037">
         <subfield code="a">CL0500000504</subfield>
         <subfield code="b">Safari Books Online</subfield>
      </datafield>
      <datafield ind1=" " ind2=" " tag="039">
         <subfield code="a">exclude</subfield>
      </datafield>
      <datafield ind1=" " ind2=" " tag="040">
         <subfield code="a">UMI</subfield>
         <subfield code="c">UMI</subfield>
         <subfield code="d">AEU</subfield>
      </datafield>
      <datafield ind1=" " ind2="4" tag="050">
         <subfield code="a">QA76.76.C69</subfield>
         <subfield code="b">T395 2015</subfield>
      </datafield>
      <datafield ind1=" " ind2=" " tag="090">
         <subfield code="a">Internet Access</subfield>
         <subfield code="b">AEGMCT</subfield>
      </datafield>
      <datafield ind1=" " ind2=" " tag="090">
         <subfield code="a">Internet Access</subfield>
         <subfield code="b">AEU</subfield>
      </datafield>
      <datafield ind1="1" ind2=" " tag="100">
         <subfield code="a">Taylor, Mischa.</subfield>
         <subfield code="0">http://id.loc.gov/authorities/names/no2015013390</subfield>
         <subfield code="0">http://viaf.org/viaf/314791062</subfield>
      </datafield>
      <datafield ind1="1" ind2="0" tag="245">
         <subfield code="a">Learning Chef</subfield>
         <subfield code="h">[electronic resource] /</subfield>
         <subfield code="c">Mischa Taylor, Seth Vargo.</subfield>
      </datafield>
      <datafield ind1=" " ind2=" " tag="260">
         <subfield code="a">Sebastopol, CA :</subfield>
         <subfield code="b">O'Reilly Media,</subfield>
         <subfield code="c">c2015.</subfield>
      </datafield>
      <datafield ind1=" " ind2=" " tag="300">
         <subfield code="a">1 online resource (1 v.) :</subfield>
         <subfield code="b">ill.</subfield>
      </datafield>
      <datafield ind1=" " ind2=" " tag="336">
         <subfield code="a">text</subfield>
         <subfield code="b">txt</subfield>
         <subfield code="2">rdacontent</subfield>
         <subfield code="0">http://id.loc.gov/vocabulary/contentTypes/txt</subfield>
      </datafield>
      <datafield ind1=" " ind2=" " tag="337">
         <subfield code="a">computer</subfield>
         <subfield code="b">c</subfield>
         <subfield code="2">rdamedia</subfield>
         <subfield code="0">http://id.loc.gov/vocabulary/mediaTypes/c</subfield>
      </datafield>
      <datafield ind1=" " ind2=" " tag="338">
         <subfield code="a">online resource</subfield>
         <subfield code="b">cr</subfield>
         <subfield code="2">rdacarrier</subfield>
         <subfield code="0">http://id.loc.gov/vocabulary/carriers/cr</subfield>
      </datafield>
      <datafield ind1=" " ind2=" " tag="500">
         <subfield code="a">Includes index.</subfield>
      </datafield>
      <datafield ind1=" " ind2=" " tag="506">
         <subfield code="a">Access restricted to authorized users and institutions.</subfield>
      </datafield>
      <datafield ind1=" " ind2=" " tag="588">
         <subfield code="a">Description based on online resource; title from title page (Safari, viewed Nov. 14, 2014).</subfield>
      </datafield>
      <datafield ind1=" " ind2=" " tag="596">
         <subfield code="a">44</subfield>
      </datafield>
      <datafield ind1="0" ind2="0" tag="630">
         <subfield code="a">Chef (Computer program)</subfield>
         <subfield code="0">http://id.loc.gov/authorities/names/no2012023432</subfield>
      </datafield>
      <datafield ind1=" " ind2="0" tag="650">
         <subfield code="a">Software configuration management.</subfield>
         <subfield code="0">http://id.loc.gov/authorities/subjects/sh91002171</subfield>
      </datafield>
      <datafield ind1="1" ind2=" " tag="700">
         <subfield code="a">Vargo, Seth.</subfield>
         <subfield code="0">http://id.loc.gov/authorities/names/no2015013435</subfield>
         <subfield code="0">http://viaf.org/viaf/313473733</subfield>
      </datafield>
      <datafield ind1=" " ind2=" " tag="758">
         <subfield code="0">http://worldcat.org/entity/work/id/23584149</subfield>
      </datafield>
      <datafield ind1="0" ind2=" " tag="787">
         <subfield code="n">OCLC Work Id</subfield>
         <subfield code="o">http://worldcat.org/entity/work/id/23584149</subfield>
      </datafield>
      <datafield ind1="4" ind2="0" tag="856">
         <subfield code="3">University of Alberta Access</subfield>
         <subfield code="u">http://proquest.safaribooksonline.com/?uiCode=ualberta&amp;xmlId=9781491945087</subfield>
      </datafield>
      <datafield ind1=" " ind2=" " tag="949">
         <subfield code="a">Internet Access</subfield>
         <subfield code="h">UAIN</subfield>
         <subfield code="m">GR_MAC_INT</subfield>
         <subfield code="z">SAFMAC</subfield>
      </datafield>
      <datafield ind1=" " ind2=" " tag="926">
         <subfield code="a">Internet Access</subfield>
         <subfield code="w">LC</subfield>
         <subfield code="c">1</subfield>
         <subfield code="i">6752402-1001</subfield>
         <subfield code="l">INTERNET</subfield>
         <subfield code="m">UAINTERNET</subfield>
         <subfield code="r">Y</subfield>
         <subfield code="s">Y</subfield>
         <subfield code="t">E-RESOURCE</subfield>
         <subfield code="u">12/3/2014</subfield>
         <subfield code="x">E-BOOK</subfield>
         <subfield code="z">SAFARI</subfield>
      </datafield>
   </record>
</collection>
